@PREAMBLE{
 "\providecommand{\noopsort}[1]{}" 
 # "\providecommand{\singleletter}[1]{#1}%" 
}

@book{knight2017physics,
	author={Knight, Randall D.},
	year={2017},
	title={Physics for Scientists and Engineers: a strategic approach},
	edition={4th},
	publisher={Pearson},
	isbn={978-0134092508},
}

%[2].PASCO Scientific. (n.d.). PASCO Scientific - Physics …..Equipment & Science Lab Supplies. Retrieved from ….https://www.pasco.com

@book{starnes2015practice,
	author={Starnes, Daren S. and Tabor, Josh and Yates, D. and Moore, D. S.}, 
	year={2015},
	title={The Practice of Statistics},
	edition={5th},
	publisher={W. H. Freeman and Company},
	isbn={978-1319113339},
}

@book{taylor1997introduction,
 	author={Taylor, John R.},
 	year={1997},
 	title={An Introduction to Error Analysis: the study of uncertainties in physical measurements},
 	edition={2nd},
 	publisher={University Science Books},
 	isbn={978-0935702750},
}


@article{hetzler2008reliability,
 	author={Hetzler, Ronald K. and Stickley, Christopher D. and Lundquist, Kelly M. and Kimura, Iris F},
 	year={2008},
 	title={Reliability and accuracy of handheld stopwatches compared with electronic timing in measuring sprint performance},
 	journal={Journal of Strength and Conditioning Research},
 	volume={22},
 	pages={1969--1976},
 	doi={10.1519/JSC.0b013e318185f36c}
 	}

@book{barrons,
author={Pelcovits, Robert A and Farkas, Joshua},
year={2024},
title={Barron's AP Physics C Premium},
address={Fort Lauderdale, FL},
publisher={Kaplan North America},
isbn={978-1-5062-8795-9}
}

@book{tipler,
author={Tipler, Paul A and Mosca, Gene},
year={2004},
title={Physics for Scientists and Engineers},
edition={5th},
address={New York},
publisher={W H Freeman and Company},
isbn={0-7167-8339-8}
}

@book{newton1687principia,
author={Newton, Isaac},
year={1687},
title={Philosophi{\ae} Naturalis Principia Mathematica},
address={London},
publisher={S. Pepys},
}
